<record xmlns:xsi="http://www.w3.org/2001/XMLSchema-instance" xmlns="http://www.loc.gov/MARC21/slim" xsi:schemaLocation="http://www.loc.gov/MARC21/slim http://www.loc.gov/standards/marcxml/schema/MARC21slim.xsd">

  <leader>00693nam a2200193Ia 4500</leader>
  <datafield tag="999" ind2=" " ind1=" ">
    <subfield code="c">1988</subfield>
    <subfield code="d">1988</subfield>
  </datafield>
  <controlfield tag="008">180704b2006    cr ||||| |||| 00| | spa d</controlfield>
  <datafield ind1=" " ind2=" " tag="090">
    <subfield code="a">06.06.01 </subfield>
    <subfield code="b">1440</subfield>
  </datafield>
  <datafield ind1=" " ind2=" " tag="110">
    <subfield code="9">3630</subfield>
    <subfield code="a">Consejo Nacional de Rectores (CONARE)</subfield>
  </datafield>
  <datafield ind1="1" ind2="0" tag="245">
    <subfield code="a">Agenda joven universitaria: una propuesta joven sobre los temas de educación, desarrollo social y democracia participativa / </subfield>
    <subfield code="c">Consejo Nacional de Rectores</subfield>
  </datafield>
  <datafield tag="260" ind2=" " ind1=" ">
    <subfield code="a">San José, Costa Rica: </subfield>
    <subfield code="b">CONARE, </subfield>
    <subfield code="c">2006</subfield>
  </datafield>
  <datafield tag="300" ind2=" " ind1=" ">
    <subfield code="a">84 páginas</subfield>
  </datafield>
  <datafield ind2="4" ind1="1" tag="650">
    <subfield code="a">ESTUDIANTES UNIVERSITARIOS </subfield>
    <subfield code="9">481</subfield>
  </datafield>
  <datafield ind2="4" ind1="1" tag="650">
    <subfield code="a">EDUCACIÓN</subfield>
    <subfield code="9">1</subfield>
  </datafield>
  <datafield tag="650" ind2="4" ind1="1">
    <subfield code="a">DESARROLLO SOCIAL </subfield>
    <subfield code="9">613</subfield>
  </datafield>
  <datafield ind2="4" ind1="1" tag="650">
    <subfield code="a">DEMOCRACIA</subfield>
    <subfield code="9">589</subfield>
  </datafield>
  <datafield ind1="1" ind2="4" tag="650">
    <subfield code="a">JUVENTUD</subfield>
    <subfield code="9">476</subfield>
  </datafield>
  <datafield ind2="4" ind1="1" tag="650">
    <subfield code="a">UNIVERSIDADES </subfield>
    <subfield code="9">16</subfield>
  </datafield>
  <datafield ind2=" " ind1=" " tag="942">
    <subfield code="2">z</subfield>
    <subfield code="c">01</subfield>
  </datafield>
</record>